%% This BibTeX bibliography file was created using BibDesk.
%% http://bibdesk.sourceforge.net/


%% Created for Dave at 2015-04-15 14:18:21 +1000 


%% Saved with string encoding Unicode (UTF-8) 



@incollection{restall:adnct,
	Author = {Greg Restall},
	Crossref = {tbmp:pla},
	Date-Added = {2015-04-15 04:17:39 +0000},
	Date-Modified = {2015-04-15 04:17:39 +0000},
	Pages = {81--100},
	Title = {Assertion, Denial, and Non-classical Theories}}

@article{restall:cf2d,
	Author = {Greg Restall},
	Date-Added = {2015-04-15 04:17:39 +0000},
	Date-Modified = {2015-04-15 04:17:39 +0000},
	Journal = {Annals of Pure and Applied Logic},
	Number = {11},
	Pages = {1611--1623},
	Title = {A Cut-free Sequent System for Two-dimensional Modal Logic, and Why it Matters},
	Url = {http://consequently.org/writing/cfss2dml},
	Volume = {163},
	Year = {2012},
	Bdsk-Url-1 = {http://consequently.org/writing/cfss2dml}}

@incollection{restall:mc,
	Address = {London},
	Author = {Greg Restall},
	Booktitle = {Logic, Methodology, and Philosophy of Science: Proceedings of the Twelfth International Congress},
	Date-Added = {2015-04-15 04:17:39 +0000},
	Date-Modified = {2015-04-15 04:17:39 +0000},
	Editor = {Petr Hajek and Luis Valdes-Villanueva and Dag Westerst{\aa}hl},
	Pages = {189--205},
	Publisher = {Kings' College Publications},
	Title = {Multiple Conclusions},
	Year = {2005}}

@article{restall:tvpt,
	Author = {Greg Restall},
	Date-Added = {2015-04-15 04:17:39 +0000},
	Date-Modified = {2015-04-15 04:17:39 +0000},
	Journal = {Studia Logica},
	Number = {2},
	Pages = {241--264},
	Title = {Truth Values and Proof Theory},
	Volume = {92},
	Year = {2009}}

@incollection{ripley:bcw,
	Address = {Oxford},
	Author = {David Ripley},
	Booktitle = {Act-based Conceptions of Propositional Content: Contemporary and Historical Perspectives},
	Date-Added = {2015-04-15 04:17:39 +0000},
	Date-Modified = {2015-04-15 04:17:39 +0000},
	Editor = {Friederike Moltmann and Mark Textor},
	Note = {To appear},
	Publisher = {Oxford University Press},
	Title = {Bilateralism, Coherence, Warrant},
	Year = {2014}}

@article{ripley:pafc,
	Author = {David Ripley},
	Date-Added = {2015-04-15 04:17:39 +0000},
	Date-Modified = {2015-04-15 04:17:39 +0000},
	Journal = {Australasian Journal of Philosophy},
	Number = {1},
	Pages = {139--164},
	Title = {Paradoxes and Failures of Cut},
	Volume = {91},
	Year = {2013}}

@article{steinberger:wcsrs,
	Author = {Florian Steinberger},
	Date-Added = {2015-04-15 04:17:39 +0000},
	Date-Modified = {2015-04-15 04:17:39 +0000},
	Journal = {Journal of Philosophical Logic},
	Number = {3},
	Pages = {333-355},
	Title = {Why conclusions should remain single},
	Volume = {40},
	Year = {2011}}

@book{tbmp:pla,
	Address = {Dordrecht},
	Booktitle = {Paraconsistency: Logic and Applications},
	Date-Added = {2015-04-15 04:18:12 +0000},
	Date-Modified = {2015-04-15 04:18:12 +0000},
	Editor = {Koji Tanaka and Francesco Berto and Edwin Mares and Francesco Paoli},
	Publisher = {Springer},
	Title = {Paraconsistency: Logic and Applications},
	Year = {2013}}
